@INPROCEEDINGS{5474725, 
author={S. {Pandey} and L. {Wu} and S. M. {Guru} and R. {Buyya}}, 
booktitle={2010 24th IEEE International Conference on Advanced Information Networking and Applications}, 
title={A Particle Swarm Optimization-Based Heuristic for Scheduling Workflow Applications in Cloud Computing Environments}, 
year={2010}, 
volume={}, 
number={}, 
pages={400-407}, 
keywords={groupware;Internet;particle swarm optimisation;particle swarm optimization;workflow applications scheduling;cloud computing;data retrieval;execution cost;execution time;PSO-based heuristic;computation cost;data transmission cost;best resource selection;BRS algorithm;collaborative scientific experiments;Particle swarm optimization;Processor scheduling;Cloud computing;Application software;Cost function;Computational efficiency;Dynamic scheduling;Computer science;Software engineering;Application virtualization;Workflow scheduling;particle swarm optimization;Cloud computing}, 
doi={10.1109/AINA.2010.31}, 
ISSN={2332-5658}, 
month={April},}